<?xml version="1.0" encoding="UTF-8"?><collection xmlns="http://www.loc.gov/MARC21/slim"><record><leader>00508nam--2200169-i-4500</leader><controlfield tag="001">000038281</controlfield><controlfield tag="002">20161230</controlfield><controlfield tag="005">20161230201041</controlfield><controlfield tag="008">060222s1000------------r-----000-0-eng-d</controlfield><datafield ind1=" " ind2=" " tag="040"><subfield code="a">IFIN-HH</subfield></datafield><datafield ind1=" " ind2=" " tag="080"><subfield code="a">539.172.3:539.2</subfield></datafield><datafield ind1="1" ind2=" " tag="100"><subfield code="a">Pruitt, Roger Arthur</subfield></datafield><datafield ind1="1" ind2="0" tag="245"><subfield code="a">The mossbauer effect in several group iii a-antimonides</subfield><subfield code="b">Dissertation</subfield><subfield code="c">Roger arthur pruitt</subfield></datafield><datafield ind1=" " ind2=" " tag="260"><subfield code="a">Ann Arbor, Michigan</subfield><subfield code="b">University Microfilms</subfield><subfield code="c">1969</subfield></datafield><datafield ind1=" " ind2=" " tag="300"><subfield code="a">VI+65P</subfield></datafield><datafield ind1=" " ind2=" " tag="852"><subfield code="a">36078</subfield><subfield code="c">539.163.2</subfield></datafield><datafield ind1=" " ind2=" " tag="CAT"><subfield code="a">Sys</subfield><subfield code="c">20120524</subfield><subfield code="h">111516</subfield></datafield></record></collection>